<record><leader>00000cas a22000007a 4500</leader><controlfield tag="001">16841266</controlfield><controlfield tag="008">871012d18241825nyuwr ne      0    0eng d</controlfield><datafield ind1=" " ind2=" " tag="010"><subfield code="a">sn 87070342 </subfield></datafield><datafield ind1=" " ind2=" " tag="040"><subfield code="a">NYS</subfield><subfield code="b">eng</subfield><subfield code="c">NYS</subfield><subfield code="d">OCL</subfield><subfield code="d">OCLCQ</subfield><subfield code="d">OCLCF</subfield><subfield code="d">OCLCO</subfield></datafield><datafield ind1="1" ind2=" " tag="029"><subfield code="a">AU@</subfield><subfield code="b">000020129244</subfield></datafield><datafield ind1=" " ind2=" " tag="042"><subfield code="a">msc</subfield></datafield><datafield ind1=" " ind2=" " tag="043"><subfield code="a">n-us-ny</subfield></datafield><datafield ind1="0" ind2=" " tag="130"><subfield code="a">Herald (Sandy Hill, N.Y.)</subfield></datafield><datafield ind1="1" ind2="4" tag="245"><subfield code="a">The Herald.</subfield></datafield><datafield ind1=" " ind2=" " tag="260"><subfield code="a">Sandy-Hill, N.Y. :</subfield><subfield code="b">James Wright</subfield></datafield><datafield ind1=" " ind2=" " tag="300"><subfield code="a">v.</subfield></datafield><datafield ind1=" " ind2=" " tag="310"><subfield code="a">Weekly</subfield></datafield><datafield ind1="1" ind2=" " tag="362"><subfield code="a">Began in Dec. 1824; ceased in 1825?</subfield></datafield><datafield ind1=" " ind2=" " tag="500"><subfield code="a">Sandy Hill name changed to Hudson Falls, ca. 1901-1910.</subfield></datafield><datafield ind1=" " ind2=" " tag="588"><subfield code="a">Description based on: Vol. 1, no. 18 (Apr. 19, 1825).</subfield></datafield><datafield ind1=" " ind2="0" tag="651"><subfield code="a">Hudson Falls (N.Y.)</subfield><subfield code="v">Newspapers.</subfield></datafield><datafield ind1=" " ind2="7" tag="655"><subfield code="a">Newspapers.</subfield><subfield code="2">fast</subfield><subfield code="0">(OCoLC)fst01423814</subfield></datafield><datafield ind1=" " ind2="7" tag="651"><subfield code="a">New York (State)</subfield><subfield code="z">Hudson Falls.</subfield><subfield code="2">fast</subfield><subfield code="0">(OCoLC)fst01220239</subfield></datafield><datafield ind1=" " ind2=" " tag="752"><subfield code="a">United States</subfield><subfield code="b">New York</subfield><subfield code="c">Washington</subfield><subfield code="d">Hudson Falls.</subfield></datafield><datafield ind1=" " ind2=" " tag="752"><subfield code="a">United States</subfield><subfield code="b">New York</subfield><subfield code="c">Washington</subfield><subfield code="d">Sandy Hill.</subfield></datafield><datafield ind1="0" ind2="0" tag="780"><subfield code="t">Political herald</subfield><subfield code="w">(DLC)sn 85042889</subfield></datafield><datafield ind1="0" ind2="0" tag="785"><subfield code="t">Sandy-Hill herald</subfield><subfield code="w">(DLC)sn 83031618</subfield></datafield></record>